@inproceedings{shalaby:2017,
  title={Help me find a job: A graph-based approach for job recommendation at scale},
  author={Shalaby, Walid and AlAila, BahaaEddin and Korayem, Mohammed and Pournajaf, Layla and AlJadda, Khalifeh and Quinn, Shannon and Zadrozny, Wlodek},
  booktitle={2017 IEEE international conference on big data (big data)},
  pages={1544--1553},
  year={2017},
  organization={IEEE}
}

@article{zhao:2021embedding,
  title={Embedding-based Recommender System for Job to Candidate Matching on Scale},
  author={Zhao, Jing and Wang, Jingya and Sigdel, Madhav and Zhang, Bopeng and Hoang, Phuong and Liu, Mengshu and Korayem, Mohammed},
  journal={arXiv preprint arXiv:2107.00221},
  year={2021}
}

@inproceedings{ying2018graph,
  title={Graph convolutional neural networks for web-scale recommender systems},
  author={Ying, Rex and He, Ruining and Chen, Kaifeng and Eksombatchai, Pong and Hamilton, William L and Leskovec, Jure},
  booktitle={Proceedings of the 24th ACM SIGKDD International Conference on Knowledge Discovery \& Data Mining},
  pages={974--983},
  year={2018}
}

@inproceedings{yang2021virtual,
  title={Virtual Network Function Placement Based on Differentiated Weight Graph Convolutional Neural Network and Maximal Weight Matching},
  author={Yang, Zeyuan and Gu, Rentao and Ji, Yuefeng},
  booktitle={2021 IEEE Symposium on Computers and Communications (ISCC)},
  pages={1--7},
  year={2021},
  organization={IEEE}
}

@article{kipf2016semi,
  title={Semi-supervised classification with graph convolutional networks},
  author={Kipf, Thomas N and Welling, Max},
  journal={arXiv preprint arXiv:1609.02907},
  year={2016}
}

@article{kipf2016variational,
  title={Variational graph auto-encoders},
  author={Kipf, Thomas N and Welling, Max},
  journal={arXiv preprint arXiv:1611.07308},
  year={2016}
}

@inproceedings{hamilton2017inductive,
  title={Inductive representation learning on large graphs},
  author={Hamilton, William L and Ying, Rex and Leskovec, Jure},
  booktitle={Proceedings of the 31st International Conference on Neural Information Processing Systems},
  pages={1025--1035},
  year={2017}
}

@inproceedings{eksombatchai2018pixie,
  title={Pixie: A system for recommending 3+ billion items to 200+ million users in real-time},
  author={Eksombatchai, Chantat and Jindal, Pranav and Liu, Jerry Zitao and Liu, Yuchen and Sharma, Rahul and Sugnet, Charles and Ulrich, Mark and Leskovec, Jure},
  booktitle={Proceedings of the 2018 world wide web conference},
  pages={1775--1784},
  year={2018}
}

@inproceedings{chen2021structured,
  title={Structured Graph Convolutional Networks with Stochastic Masks for Recommender Systems},
  author={Chen, Huiyuan and Wang, Lan and Lin, Yusan and Yeh, Chin-Chia Michael and Wang, Fei and Yang, Hao},
  booktitle={Proceedings of the 44th International ACM SIGIR Conference on Research and Development in Information Retrieval},
  pages={614--623},
  year={2021}
}

@article{wu2020graph,
  title={Graph neural networks in recommender systems: a survey},
  author={Wu, Shiwen and Sun, Fei and Zhang, Wentao and Cui, Bin},
  journal={arXiv preprint arXiv:2011.02260},
  year={2020}
}


